@comment{x-kbibtex-personnameformatting=<%f ><%l><, %s>}

@article{python,
	language = "english",
	title = "{Python 3.5.2 [Электронный ресурс]}",
	url = "https://www.python.org/ (дата обращения: 25.02.2017)"
}

@article{castxml,
	language = "english",
	title = "{CastXML C-family Abstract Syntax Tree XML Output [Электронный ресурс]}",
	url = "https://github.com/CastXML/CastXML (дата обращения: 25.02.2017)"
}

@article{pygccxml,
	language = "english",
	title = "{Pygccxml --- pygccxml 1.8.3 documentation [Электронный ресурс]}",
	url = "http://pygccxml.readthedocs.io/en/develop/ (дата обращения: 25.02.2017)"
}

@article{scikit,
	language = "english",
	title = "{Scikit-learn --- Machine Learning in Python [Электронный ресурс]}",
	url = "http://scikit-learn.org/stable/ (дата обращения: 02.03.2017)"
}

@article{matplotlib,
	language = "english",
	title = "{Matplotlib: Python Plotting [Электронный ресурс]}",
	url = "http://matplotlib.org/ (дата обращения: 01.03.2017)"
}

@article{cppkeywords,
	language = "russian",
	title = "{Ключевые слова C++ [Электронный ресурс]}",
	url = "http://ru.cppreference.com/w/cpp/keyword (дата обращения: 12.03.2017)"
}

@article{identif,
	language = "russian",
	title = "{Идентификаторы C++ [Электронный ресурс]}",
	url = "https://msdn.microsoft.com/ru-ru/library/565w213d.aspx (дата обращения: 12.03.2017)"
}

@article{ostusur,
	language = "russian",
	title = "{Образовательный стандарт ВУЗа ОС ТУСУР 01-2013 [Электронный ресурс]}",
	url = "https://storage.tusur.ru/files/40668/rules\_tech\_01-2013.pdf (дата обращения: 15.12.2016)"
}

@article{caliskan,
	language = "english",
	title = "{De-anonymizing Programmers via Code Stylometry. Aylin Caliskan-Islam, Drexel University; Richard Harang, 
U.S. Army Research Laboratory; Andrew Liu, University of Maryland; Arvind Narayanan, Princeton University; Clare Voss, U.S. Army Research Laboratory; Fabian Yamaguchi, University of Goettingen; Rachel Greenstadt, Drexel University [Электронный ресурс]}",
	url = "https://www.usenix.org/system/files/conference/usenixsecurity15/sec15-paper-caliskan-islam.pdf (дата обращения: 18.02.2017)"
}

@article{metrics,
	language = "russian",
	title = "{Оценка классификатора (точность, полнота, F-мера) [Электронный ресурс]}",
	url = "http://bazhenov.me/blog/2012/07/21/classification-performance-evaluation.html (дата обращения: 17.02.2017)"
}

@article{random_forest,
	language = "english",
	title = "{Random Forest. Applied Multivariate Statistics --- Spring 2012 [Электронный ресурс]}",
	url = "http://stat.ethz.ch/education/semesters/ss2012/ams/slides/v10.2.pdf (дата обращения: 17.02.2017)"
}


@article{frantz,
	language = "english",
	title = "{Source Code Authorship Analysis For Supporting The Cybercrime Investigation Process. Georgia Frantzeskou, Efstathios Stamatatos, Stefanos Gritzalis [Электронный ресурс]}",
	url = "http://www.icsd.aegean.gr/lecturers/stamatatos/papers/ICETE2005.pdf (дата обращения: 17.02.2017)"
}

@article{frantz_2,
	language = "english",
	title = "{Identifying Authorship by Byte-Level N-Grams: The Source Code Author Profile
	(SCAP) Method. Georgia Frantzeskou, Efstathios Stamatatos, Stefanos Gritzalis [Электронный ресурс]}",
	url = "https://www.semanticscholar.org/paper/Identifying-Authorship-by-Byte-Level-N-Grams-The-Frantzeskou-Stamatatos/3b2531ea2685b9fb9abf071d119974ac3405874d (дата обращения: 15.02.2017)"
}


@article{burrows,
	language = "english",
	title = "{Source Code Authorship Attribution using n-grams. Steven Burrows, S.M.M. Tahaghoghi [Электронный ресурс]}",
	url = "https://pdfs.semanticscholar.org/79a2/1998c2f0afe2c616c01d590d6d0f6e16e9eb.pdf (дата обращения: 23.02.2017)"
}


@article{burrows_big,
	language = "english",
	title = "{Source Code Authorship Attribution. Steven Burrows [Электронный ресурс]}",
	url = "http://researchbank.rmit.edu.au/eserv/rmit:10828/Burrows.pdf (дата обращения: 23.02.2017)"
}


@article{burrows_3,
	language = "english",
	title = "{Application of information retrieval techniques for source code authorship attribution. S. Burrows, A. Uitdenbogerd, T. Urpin [Электронный ресурс]}",
	url = "https://www.researchgate.net/publication/220787332\_Application\_of\_Information\_Retrieval\_Techni- ques\_for\_Source\_Code\_Authorship\_Attribution (дата обращения: 23.02.2017)"
}

@article{pellin,
	language = "english",
	title = "{Using Classification Techniques to Determine Source Code Authorship. Brian N. Pellin Computer Sciences Department University of Wisconsin [Электронный ресурс]}",
	url = "https://pdfs.semanticscholar.org/f9aa/790191a50bed02a877e1696c7bb71ea9f33a.pdf (дата обращения: 25.02.2017)"
}


@book{bracing_styles,
	author = "{Хэзфилд Р.}",
	language = "russian",
	publisher = "ДиаСофт",
	timestamp = "2017.04.20",
	title = "{Искусство программирования на С. Фундаментальные алгоритмы, 
	структуры данных и примеры приложений. Энциклопедия программиста / Р. Хэзфилд, Л. Кирби. --- М: }",
	volume = " -- 736",
	year = "2001"
}

@article{macros,
	language = "russian",
	title = "{Макросы (C/C++) [Электронный ресурс]}",
	url = "https://msdn.microsoft.com/ru-ru/library/503x3e3s.aspx (дата обращения: 23.02.2017)"
}


@article{kibevs,
	language = "russian",
	title = "{Кафедра комплексной информационной безопасности электронно-вычислительных систем [Электронный ресурс]}",
	url = "доступа: http://kibevs.tusur.ru/pages/kafedra/index (дата обращения: 01.05.2017)"
}

@article{GoogleCodeJam,
	language = "english",
	title = "{Code Jam Language Stats [Электронный ресурс]}",
	url = "https://www.go-hero.net/jam/16 (дата обращения: 10.02.2017)"
}


@article{GitHub,
	language = "english",
	title = "{GitHub [Электронный ресурс]}",
	url = "https://github.com/ (дата обращения: 10.05.2017)"
}


@article{GH_domain,
	language = "english",
	title = "{GitHub Dominates the Forges [Электронный ресурс]}",
	url = "https://github.com/blog/865-github-dominates-the-forges (дата обращения: 10.05.2017)"
}

@article{git_blame,
	language = "english",
	title = "{Git Blame Who?: Stylistic Authorship Attribution of Small, Incomplete Source Code 
	Fragments. Edwin Dauber, Aylin Caliskan, Richard Harang, Rachel Greenstadt [Электронный ресурс]}",
	url = "https://arxiv.org/abs/1701.05681 (дата обращения: 10.03.2017)"
}

@article{jupyter,
	language = "english",
	title = "{The Jupyter Notebook [Электронный ресурс]}",
	url = "http://jupyter.org/ (дата обращения: 02.04.2017)"
}

@article{ada_boost,
	language = "russian",
	title = "{Алгоритм AdaBoost [Электронный ресурс]}",
	url = "http://www.machinelearning.ru/wiki/index.php?title=AdaBoost (дата обращения: 27.04.2017)"
}


@article{extra_trees,
	language = "english",
	title = "{Extremely randomized trees. Pierre Geurts, Damien Ernst, Louis Wehenkel [Электронный ресурс]}",
	url = "https://pdfs.semanticscholar.org/336a/165c17c9c56160d332b9f4a2b403fccbdbfb.pdf (дата обращения: 28.04.2017)"
}

@article{crossval,
	language = "russian",
	title = "{Перекрёстная проверка [Электронный ресурс]}",
	url = "https://ru.wikipedia.org/wiki/%D0%9F%D0%B5%D1%80%D0%B5%D0%BA%D1%80%D1%91%D1%81%D1%82%D0%BD%D0%B0%D1%8F_%D0%BF%D1%80%D0%BE%D0%B2%D0%B5%D1%80%D0%BA%D0%B0 (дата обращения: 01.05.2017)"
}


@article{data_mining,
	language = "russian",
	title = "{Методы классификации и прогнозирования. Деревья решений. ИНТУИТ [Электронный ресурс]}",
	url = "http://www.intuit.ru/studies/courses/6/6/lecture/1740 (дата обращения: 01.05.2017)"
}


@article{google_style,
	language = "english",
	title = "{Google C++ Style Guide [Электронный ресурс]}",
	url = "https://google.github.io/styleguide/cppguide.html (дата обращения: 28.04.2017)"
}

@article{geosoft,
	language = "english",
	title = "{C++ Programming Style Guidelines [Электронный ресурс]}",
	url = "http://geosoft.no/development/cppstyle.html (дата обращения: 28.04.2017)"
}

@article{scikit,
	language = "english",
	title = "{Scikit-Learn. Machine Learning in Python [Электронный ресурс]}",
	url = "http://scikit-learn.org/stable/ (дата обращения: 25.02.2017)"
}

@article{plotly,
	language = "english",
	title = "{Plotly Python Library [Электронный ресурс]}",
	url = "https://plot.ly/python/ (дата обращения: 25.02.2017)"
}

@article{numpy,
	language = "english",
	title = "{NumPy [Электронный ресурс]}",
	url = "http://www.numpy.org/ (дата обращения: 25.02.2017)"
}

@article{scipy,
	language = "english",
	title = "{SciPy [Электронный ресурс]}",
	url = "https://www.scipy.org/ (дата обращения: 25.02.2017)"
}

@article{pandas,
	language = "english",
	title = "{Python Data Analysis Library [Электронный ресурс]}",
	url = "http://pandas.pydata.org/ (дата обращения: 25.02.2017)"
}

@article{widgets,
	language = "english",
	title = "{ipywidgets: Interactive HTML Widgets [Электронный ресурс]}",
	url = "https://github.com/jupyter-widgets/ipywidgets (дата обращения: 09.03.2017)"
}

}
